@book{Birdsall_Fuss_1969,
author = {Birdsall, C K and Fuss, D},
month = oct,
title = {{Cloud-in-Cell Computer Experiments in Two and Three Dimensions}},
year = {1969}
}
@article{Heidenreich2013,
author = {Heidenreich, Nils Bastian and Schindler, Anja and Sperlich, Stefan},
doi = {10.1007/s10182-013-0216-y},
file = {:home/amxx/Work/Argonne/Report/draft/biblio/Bandwidth selection for kernel density estimation.pdf:pdf},
issn = {18638171},
journal = {AStA Advances in Statistical Analysis},
keywords = {Bandwidth selection,Kernel density estimation},
pages = {403--433},
title = {{Bandwidth selection for kernel density estimation: A review of fully automatic selectors}},
volume = {97},
year = {2013}
}
@article{Kahan1996,
author = {Kahan, W},
file = {:home/amxx/Work/Argonne/Report/draft/biblio/IEEE754.pdf:pdf},
journal = {Lecture Notes on the Status of IEEE},
number = {May 1995},
pages = {1--23},
title = {{IEEE standard 754 for binary floating-point arithmetic}},
url = {http://i-n-d-e-p-t-h.googlecode.com/files/IEEE754.pdf},
year = {1996}
}
@article{Parzen1962,
abstract = {Stanford University 0. Introduction. Given a sequence of independent identically distributed random variables Xi, X2, ... , Xn, ... with common func- tion f(x), how can one estimate f(x) The problem of of a f(x) is interesting for many},
author = {Parzen, Emanuel},
doi = {10.1214/aoms/1177704472},
file = {:home/amxx/Work/Argonne/Report/draft/biblio/euclid.aoms.1177704472.pdf:pdf},
isbn = {0003-4851},
issn = {0003-4851},
journal = {The Annals of Mathematical Statistics},
pages = {1065--1076},
title = {{On Estimation of a Probability Density Function and Mode}},
volume = {33},
year = {1962}
}
@article{Rosenblatt,
author = {Rosenblatt, Murray},
file = {:home/amxx/Work/Argonne/Report/draft/biblio/euclid.aoms.1177728190.pdf:pdf},
journal = {The Annals of Mathematical Statistics},
title = {{Remarks on Some Nonparametric Estimates of a Density Function}},
volume = {27},
year = {1956}
}
@article{navarro96,
author = {Navarro, J.\~{}F. and Frenk, C.\~{}S. and White, S.\~{}D.\~{}M.},
doi = {10.1086/177173},
file = {:home/amxx/Work/Argonne/Report/draft/biblio/The Structure of Cold Dark Matter Halos.pdf:pdf},
journal = {Astrophysical Journal},
keywords = { COSMOLOGY: DARK MATTER, GALAXIES: HALOS, METHODS: NUMERICAL,COSMOLOGY: THEORY},
pages = {563},
title = {{The Structure of Cold Dark Matter Halos}},
volume = {462},
year = {1996}
}
